
@techreport{bae_numerical_2018,
	address = {Urbana, IL},
	type = {Graduate {Report}},
	title = {Numerical {Experiments} for {Verifying} {Demand} {Driven} {Deployment} {Algorithms}},
	url = {https://github.com/arfc/ddca_numerical_experiments},
	institution = {University of Illinois at Urbana-Champaign},
	author = {Bae, Jin Whan and Chee, Gwendolyn and Huff, Kathryn D.},
	month = jan,
	year = {2018},
	keywords = {report, arfc},
	pages = {0--10},
	file = {numerical_exp_report.pdf:/Users/gwenchee/Zotero/storage/NQGPLG9W/numerical_exp_report.pdf:application/pdf}
},

@article{peterson_unf-st&dards_2017,
	title = {{UNF}-{ST}\&{DARDS} {Unified} {Database} and the {Automatic} {Document} {Generator}},
	volume = {199},
	number = {3},
	journal = {Nuclear Technology},
	author = {Peterson, Josh and van den Akker, Bret and Cumberland, Riley and Miller, Paul and Banerjee, Kaushik},
	year = {2017},
	pages = {310--319},
	file = {Fulltext:/Users/gwenchee/Zotero/storage/CUXQ46R8/00295450.2017.html:text/html;Peterson et al. - 2017 - UNF-ST&DARDS Unified Database and the Automatic Do.pdf:/Users/gwenchee/Zotero/storage/AJUWFE6I/Peterson et al. - 2017 - UNF-ST&DARDS Unified Database and the Automatic Do.pdf:application/pdf;Snapshot:/Users/gwenchee/Zotero/storage/ZTL5PK5U/00295450.2017.html:text/html}
}, 

